@ARTICLE{aho1968,
  AUTHOR = {Aho, Alfred V.},
  DATE = {1968},
  DOI = {10.1145/321479.321488},
  ISSN = {0004-5411},
  JOURNALTITLE = {J. Assoc. Comput. Mach.},
  KEYWORDS = {indexed-language},
  PAGES = {647--671},
  TITLE = {Indexed grammars---an extension of context-free grammars},
  VOLUME = {15},
}

@ARTICLE{anisimov1971,
  AUTHOR = {Anisimov, A. V.},
  DATE = {1971},
  ISSN = {0023-1274},
  JOURNALTITLE = {Kibernetika (Kiev)},
  NUMBER = {4},
  PAGES = {18--24},
  TITLE = {The group languages},
  VOLUME = {7},
}

@ARTICLE{antolin2013,
  AUTHOR = {Antol\'{\i{}}n, Yago and Ciobanu, Laura},
  PUBLISHER = {Elsevier {BV}},
  DATE = {2013-07},
  DOI = {10.1016/j.ejc.2012.12.007},
  ISSN = {0195-6698},
  JOURNALTITLE = {European J. Combin.},
  NUMBER = {5},
  PAGES = {859--874},
  TITLE = {Geodesic growth in right-angled and even {C}oxeter groups},
  VOLUME = {34},
}

@MISC{antolin2021,
  AUTHOR = {Antol\'{\i{}}n, Yago and Foniqi, Islam},
  DATE = {2021},
  EPRINT = {2105.09751},
  EPRINTCLASS = {math.GR},
  EPRINTTYPE = {arXiv},
  TITLE = {Geodesic Growth of some 3-dimensional RACGs},
}

@ARTICLE{asveld1977,
  AUTHOR = {Asveld, Peter R. J.},
  DATE = {1977},
  ISSN = {0890-5401},
  JOURNALTITLE = {Information and Control},
  KEYWORDS = {E(D)T0L},
  NUMBER = {3},
  PAGES = {248--269},
  TITLE = {Controlled iteration grammars and full hyper-{AFL}'s},
  VOLUME = {34},
}

@MISC{athreya2014,
  AUTHOR = {Athreya, Jayadev S. and Prasad, Amritanshu},
  DATE = {2014},
  EPRINT = {1409.4142},
  EPRINTCLASS = {math.GR},
  EPRINTTYPE = {arXiv},
  TITLE = {Growth in Right-Angled Groups and Monoids},
}

@ARTICLE{auslander1967,
  AUTHOR = {Auslander, Louis},
  DATE = {1967},
  DOI = {10.2307/1970362},
  ISSN = {0003-486X},
  JOURNALTITLE = {Ann. of Math. (2)},
  PAGES = {112--116},
  TITLE = {On a problem of {P}hilip {H}all},
  VOLUME = {86},
}

@ARTICLE{baker1974,
  AUTHOR = {Baker, Brenda S. and Book, Ronald V.},
  DATE = {1974},
  DOI = {10.1016/S0022-0000(74)80027-9},
  ISSN = {0022-0000},
  JOURNALTITLE = {J. Comput. System Sci.},
  PAGES = {315--332},
  TITLE = {Reversal-bounded multipushdown machines},
  VOLUME = {8},
}

@ARTICLE{bass1972,
  AUTHOR = {Bass, H.},
  DATE = {1972},
  DOI = {10.1112/plms/s3-25.4.603},
  ISSN = {0024-6115},
  JOURNALTITLE = {Proc. London Math. Soc. (3)},
  PAGES = {603--614},
  TITLE = {The degree of polynomial growth of finitely generated nilpotent groups},
  VOLUME = {25},
}

@ARTICLE{benson1983,
  AUTHOR = {Benson, M.},
  DATE = {1983},
  DOI = {10.1007/BF01394026},
  ISSN = {0020-9910},
  JOURNALTITLE = {Invent. Math.},
  NUMBER = {2},
  PAGES = {251--269},
  TITLE = {Growth series of finite extensions of {$\mathbb{Z}^{n}$} are rational},
  VOLUME = {73},
}

@ARTICLE{berns-zieve2014,
  AUTHOR = {Berns-Zieve, Rose and Fry, Dana and Gillings, Johnny and Hoganson, Hannah and Mathews, Heather},
  PUBLISHER = {Cambridge Univ. Press, Cambridge},
  BOOKTITLE = {Topological methods in group theory},
  DATE = {2018},
  PAGES = {19--37},
  SERIES = {London Math. Soc. Lecture Note Ser.},
  TITLE = {Groups with context-free co-word problem and embeddings into {T}hompson's group {$V$}},
  VOLUME = {451},
}

@MISC{githubcode,
  AUTHOR = {Bishop, Alex},
  PUBLISHER = {Zenodo},
  DATE = {2020-07},
  DOI = {10.5281/zenodo.3941381},
  TITLE = {A virtually 2-step nilpotent group with polynomial geodesic growth (data and code)},
}

@ARTICLE{bishop2021,
  AUTHOR = {Bishop, Alex},
  DATE = {2021},
  DOI = {10.1016/j.jalgebra.2020.12.003},
  ISSN = {0021-8693},
  JOURNALTITLE = {J. Algebra},
  PAGES = {760--786},
  TITLE = {Geodesic growth in virtually abelian groups},
  VOLUME = {573},
}

@MISC{bishop2020,
  AUTHOR = {Bishop, Alex and Elder, Murray},
  DATE = {2020},
  EPRINT = {2007.06834},
  EPRINTCLASS = {math.GR},
  EPRINTTYPE = {arXiv},
  TITLE = {A virtually 2-step nilpotent group with polynomial geodesic growth},
}

@INCOLLECTION{bishop2019,
  AUTHOR = {Bishop, Alex and Elder, Murray},
  PUBLISHER = {Springer, Cham},
  BOOKTITLE = {Language and automata theory and applications},
  DATE = {2019},
  DOI = {10.1007/978-3-030-13435-8_6},
  PAGES = {82--94},
  SERIES = {Lecture Notes in Comput. Sci.},
  TITLE = {Bounded automata groups are co-{ET}0{L}},
  VOLUME = {11417},
}

@ARTICLE{blachere2003,
  AUTHOR = {Blach\`{e}re, S\'{e}bastien},
  DATE = {2003},
  DOI = {10.4064/cm95-1-2},
  ISSN = {0010-1354},
  JOURNALTITLE = {Colloq. Math.},
  NUMBER = {1},
  PAGES = {21--36},
  TITLE = {Word distance on the discrete {H}eisenberg group},
  VOLUME = {95},
}

@ARTICLE{bleak2016,
  AUTHOR = {Bleak, Collin and Matucci, Francesco and Neunh\"{o}ffer, Max},
  DATE = {2016},
  DOI = {10.1112/jlms/jdw044},
  ISSN = {0024-6107},
  JOURNALTITLE = {J. Lond. Math. Soc. (2)},
  NUMBER = {2},
  PAGES = {583--597},
  TITLE = {Embeddings into {T}hompson's group {$V$} and {$co\mathcal{CF}$} groups},
  VOLUME = {94},
}

@ARTICLE{boone1959,
  AUTHOR = {Boone, William W.},
  DATE = {1959},
  DOI = {10.2307/1970103},
  ISSN = {0003-486X},
  JOURNALTITLE = {Ann. of Math. (2)},
  PAGES = {207--265},
  TITLE = {The word problem},
  VOLUME = {70},
}

@ARTICLE{bridson2012,
  AUTHOR = {Bridson, Martin R. and Burillo, Jos\'{e} and Elder, Murray and \v{S}uni\'{c}, Zoran},
  DATE = {2012},
  DOI = {10.1142/S0218196712500488},
  ISSN = {0218-1967},
  JOURNALTITLE = {Internat. J. Algebra Comput.},
  NUMBER = {5},
  PAGES = {1250048,13},
  TITLE = {On groups whose geodesic growth is polynomial},
  VOLUME = {22},
}

@ARTICLE{novikov1955-translated,
  AUTHOR = {Britton, J. L.},
  PUBLISHER = {Cambridge University Press},
  DATE = {1958},
  DOI = {10.2307/2964487},
  JOURNALTITLE = {Journal of Symbolic Logic},
  NUMBER = {1},
  PAGES = {50--52},
  TITLE = {P. S. Novikov. Ob algoritmi\v{c}\'{e}skoj n\'{e}razr\'{e}\v{s}imosti probl\'{e}my to\v{z}d\'{e}stva slov v t\'{e}orii grupp (Algorithmic unsolvability of the word problem in group theory). Trudy Mat\'{e}mati\v{c}\'{e}skogo Instituta im\'{e}ni V. A. St\'{e}klova, vol. 44. Izdat\'{e}l'stvo Akad\'{e}mii Nauk SSSR, Moscow1955, 143 pp.},
  VOLUME = {23},
}

@THESIS{broennimann2016,
  AUTHOR = {Br\"{o}nnimann, Julie Marie},
  INSTITUTION = {Universit\'{e} de Neuch\^{a}tel},
  URL = {http://doc.rero.ch/record/277391/files/00002547.pdf},
  DATE = {2016},
  KEYWORDS = {geodesic-growth},
  TITLE = {Geodesic growth of groups},
  TYPE = {phdthesis},
}

@ARTICLE{carlson1921,
  AUTHOR = {Carlson, Fritz},
  DATE = {1921},
  DOI = {10.1007/BF01378331},
  ISSN = {0025-5874},
  JOURNALTITLE = {Math. Z.},
  NUMBER = {1-2},
  PAGES = {1--13},
  TITLE = {\"{U}ber {P}otenzreihen mit ganzzahligen {K}oeffizienten},
  VOLUME = {9},
}

@ARTICLE{castiglione2017,
  AUTHOR = {Castiglione, Giusi and Massazza, Paolo},
  DATE = {2017},
  DOI = {10.1016/j.tcs.2016.07.022},
  ISSN = {0304-3975},
  JOURNALTITLE = {Theoret. Comput. Sci.},
  NUMBER = {part A},
  PAGES = {74--84},
  TITLE = {On a class of languages with holonomic generating functions},
  VOLUME = {658},
}

@ARTICLE{charney2004,
  AUTHOR = {Charney, Ruth and Meier, John},
  DATE = {2004},
  DOI = {10.1007/s00209-004-0666-8},
  ISSN = {0025-5874},
  JOURNALTITLE = {Math. Z.},
  NUMBER = {3},
  PAGES = {495--509},
  TITLE = {The language of geodesics for {G}arside groups},
  VOLUME = {248},
}

@REPORT{chomsky1962,
  AUTHOR = {Chomsky, A. Noam},
  INSTITUTION = {Massachusetts Institute of Technology, Research Laboratory of Electronics},
  URL = {http://hdl.handle.net/1721.1/53697},
  DATE = {1962-04-15},
  NUMBER = {no.~65},
  PAGES = {187--194},
  TITLE = {Context-free grammars and pushdown storage},
  TYPE = {Quarterly Progress Report},
}

@INCOLLECTION{chomsky1963,
  AUTHOR = {Chomsky, N. and Sch\"{u}tzenberger, M. P.},
  PUBLISHER = {North-Holland, Amsterdam},
  BOOKTITLE = {Computer programming and formal systems},
  DATE = {1963},
  PAGES = {118--161},
  TITLE = {The algebraic theory of context-free languages},
}

@ARTICLE{chomsky1959,
  AUTHOR = {Chomsky, Noam},
  DATE = {1959},
  ISSN = {0019-9958},
  JOURNALTITLE = {Information and Control},
  PAGES = {137--167},
  TITLE = {On certain formal properties of grammars},
  VOLUME = {2},
}

@ARTICLE{christensen1974,
  AUTHOR = {Christensen, P. A.},
  PUBLISHER = {Springer, Berlin},
  BOOKTITLE = {{$L$} systems ({T}hird {O}pen {H}ouse, {C}omput. {S}ci. {D}ept., {A}arhus {U}niv., {A}arhus, 1974)},
  DATE = {1974},
  PAGES = {254--257,327--338. Lecture Notes in Comput. Sci.,Vol. 15},
  TITLE = {Hyper-{AFL}'s and {ET}0{L} systems},
}

@ARTICLE{ciobanu2016a,
  AUTHOR = {Ciobanu, Laura and Diekert, Volker and Elder, Murray},
  DATE = {2016},
  DOI = {10.1142/S0218196716500363},
  ISSN = {0218-1967},
  JOURNALTITLE = {Internat. J. Algebra Comput.},
  NUMBER = {5},
  PAGES = {843--886},
  TITLE = {Solution sets for equations over free groups are {EDT}0{L} languages},
  VOLUME = {26},
}

@INCOLLECTION{ciobanu2019,
  AUTHOR = {Ciobanu, Laura and Elder, Murray},
  PUBLISHER = {Schloss Dagstuhl. Leibniz-Zent. Inform., Wadern},
  BOOKTITLE = {46th {I}nternational {C}olloquium on {A}utomata, {L}anguages, and {P}rogramming},
  DATE = {2019},
  PAGES = {Art. No. 110,15},
  SERIES = {LIPIcs. Leibniz Int. Proc. Inform.},
  TITLE = {Solutions sets to systems of equations in hyperbolic groups are {EDT}0{L} in {PSPACE}},
  VOLUME = {132},
}

@ARTICLE{ciobanu2020,
  AUTHOR = {Ciobanu, Laura and Elder, Murray},
  PUBLISHER = {Springer Science and Business Media {LLC}},
  URL = {https://doi.org/10.1007/s11856-021-2232-z},
  DATE = {2021-11},
  DOI = {10.1007/s11856-021-2232-z},
  JOURNALTITLE = {Israel Journal of Mathematics},
  TITLE = {The complexity of solution sets to equations in hyperbolic groups},
}

@ARTICLE{ciobanu2018,
  AUTHOR = {Ciobanu, Laura and Elder, Murray and Ferov, Michal},
  DATE = {2018},
  DOI = {10.1142/S0218196718500145},
  ISSN = {0218-1967},
  JOURNALTITLE = {Internat. J. Algebra Comput.},
  NUMBER = {2},
  PAGES = {309--329},
  TITLE = {Applications of {L} systems to group theory},
  VOLUME = {28},
}

@ARTICLE{ciobanu2016,
  AUTHOR = {Ciobanu, Laura and Kolpakov, Alexander},
  DATE = {2016},
  DOI = {10.1007/s10801-016-0667-9},
  ISSN = {0925-9899},
  JOURNALTITLE = {J. Algebraic Combin.},
  KEYWORDS = {geodesic-growth},
  NUMBER = {2},
  PAGES = {249--264},
  TITLE = {Geodesic growth of right-angled {C}oxeter groups based on trees},
  VOLUME = {44},
}

@ARTICLE{cleary2006,
  AUTHOR = {Cleary, Sean and Elder, Murray and Taback, Jennifer},
  DATE = {2006},
  DOI = {10.1016/j.jalgebra.2005.11.016},
  ISSN = {0021-8693},
  JOURNALTITLE = {J. Algebra},
  NUMBER = {2},
  PAGES = {476--500},
  TITLE = {Cone types and geodesic languages for lamplighter groups and {T}hompson's group {$F$}},
  VOLUME = {303},
}

@ARTICLE{collins1986,
  AUTHOR = {Collins, Donald J.},
  URL = {http://projecteuclid.org/euclid.ijm/1256044631},
  DATE = {1986},
  ISSN = {0019-2082},
  JOURNALTITLE = {Illinois J. Math.},
  NUMBER = {2},
  PAGES = {230--234},
  TITLE = {A simple presentation of a group with unsolvable word problem},
  VOLUME = {30},
}

@ARTICLE{culik1974,
  AUTHOR = {\v{C}ulik, Karel},
  DATE = {1974},
  DOI = {10.1080/00207167408803079},
  ISSN = {0020-7160},
  JOURNALTITLE = {Internat. J. Comput. Math.},
  PAGES = {31--42},
  TITLE = {On some families of languages related to developmental systems},
  VOLUME = {4},
}

@INCOLLECTION{diekert2017,
  AUTHOR = {Diekert, Volker and Elder, Murray},
  PUBLISHER = {Schloss Dagstuhl. Leibniz-Zent. Inform., Wadern},
  BOOKTITLE = {44th {I}nternational {C}olloquium on {A}utomata, {L}anguages, and {P}rogramming},
  DATE = {2017},
  PAGES = {Art. No. 96,14},
  SERIES = {LIPIcs. Leibniz Int. Proc. Inform.},
  TITLE = {Solutions of twisted word equations, {EDT}0{L} languages, and context-free groups},
  VOLUME = {80},
}

@INCOLLECTION{diekert2001,
  AUTHOR = {Diekert, Volker and Muscholl, Anca},
  PUBLISHER = {Springer, Berlin},
  BOOKTITLE = {Automata, languages and programming},
  DATE = {2001},
  DOI = {10.1007/3-540-48224-5_45},
  PAGES = {543--554},
  SERIES = {Lecture Notes in Comput. Sci.},
  TITLE = {Solvability of equations in free partially commutative groups is decidable},
  VOLUME = {2076},
}

@ARTICLE{duchin2019,
  AUTHOR = {Duchin, Moon and Shapiro, Michael},
  DATE = {2019},
  DOI = {10.1016/j.aim.2019.01.046},
  ISSN = {0001-8708},
  JOURNALTITLE = {Adv. Math.},
  PAGES = {219--263},
  TITLE = {The {H}eisenberg group is pan-rational},
  VOLUME = {346},
}

@ARTICLE{ehrenfeucht1976,
  AUTHOR = {Ehrenfeucht, A. and Rozenberg, G. and Skyum, S.},
  PUBLISHER = {Elsevier {BV}},
  DATE = {1976-04},
  DOI = {10.1016/0304-3975(76)90076-1},
  JOURNALTITLE = {Theoretical Computer Science},
  NUMBER = {4},
  PAGES = {325--330},
  TITLE = {A relationship between {ET}0L and {EDT}0L languages},
  VOLUME = {1},
}

@UNPUBLISHED{elder2006,
  AUTHOR = {Elder, M. and Gutierrez, M. and \v{S}uni\'{c}, Z.},
  DATE = {2006},
  NOTE = {unpublished},
  TITLE = {Geodesics in the first {G}rigorchuk group},
}

@ARTICLE{elder2008,
  AUTHOR = {Elder, Murray and Kambites, Mark and Ostheimer, Gretchen},
  DATE = {2008},
  DOI = {10.1142/S0218196708004901},
  ISSN = {0218-1967},
  JOURNALTITLE = {Internat. J. Algebra Comput.},
  NUMBER = {8},
  PAGES = {1345--1364},
  TITLE = {On groups and counter automata},
  VOLUME = {18},
}

@BOOK{epstein1992,
  AUTHOR = {Epstein, David B. A. and Cannon, James W. and Holt, Derek F. and Levy, Silvio V. F. and Paterson, Michael S. and Thurston, William P.},
  PUBLISHER = {Jones and Bartlett Publishers, Boston, MA},
  DATE = {1992},
  ISBN = {0-86720-244-0},
  PAGES = {xii+330},
  TITLE = {Word processing in groups},
}

@ARTICLE{evetts2019,
  AUTHOR = {Evetts, Alex},
  DATE = {2019},
  DOI = {10.1215/00192082-8011497},
  ISSN = {0019-2082},
  JOURNALTITLE = {Illinois J. Math.},
  NUMBER = {4},
  PAGES = {513--549},
  TITLE = {Rational growth in virtually abelian groups},
  VOLUME = {63},
}

@MISC{evetts2020,
  AUTHOR = {Evetts, Alex and Levine, Alex},
  DATE = {2020},
  EPRINT = {2009.03968},
  EPRINTCLASS = {math.GR},
  EPRINTTYPE = {arXiv},
  TITLE = {Equations in virtually abelian groups: languages and growth},
}

@THESIS{evey1963,
  AUTHOR = {Evey, Robert James},
  INSTITUTION = {Harvard University},
  DATE = {1963-05},
  TITLE = {The theory and applications of pushdown store machines},
  TYPE = {phdthesis},
}

@ARTICLE{fekete1923,
  AUTHOR = {Fekete, M.},
  LANGUAGE = {German},
  DATE = {1923},
  DOI = {10.1007/BF01504345},
  ISSN = {0025-5874},
  JOURNALTITLE = {Math. Z.},
  NUMBER = {1},
  PAGES = {228--249},
  TITLE = {\"{U}ber die {V}erteilung der {W}urzeln bei gewissen algebraischen {G}leichungen mit ganzzahligen {K}oeffizienten},
  VOLUME = {17},
}

@INCOLLECTION{flajolet1987,
  AUTHOR = {Flajolet, Philippe},
  DATE = {1987},
  DOI = {10.1016/0304-3975(87)90011-9},
  ISSN = {0304-3975},
  JOURNALTITLE = {Theoret. Comput. Sci.},
  NOTE = {Twelfth international colloquium on automata, languages and programming (Nafplion, 1985)},
  NUMBER = {2-3},
  PAGES = {283--309},
  TITLE = {Analytic models and ambiguity of context-free languages},
  VOLUME = {49},
}

@ARTICLE{flajolet2005,
  AUTHOR = {Flajolet, Philippe and Gerhold, Stefan and Salvy, Bruno},
  URL = {http://www.combinatorics.org/Volume_11/Abstracts/v11i2a2.html},
  DATE = {2005-04},
  JOURNALTITLE = {Electron. J. Combin.},
  NUMBER = {2},
  PAGES = {Article 2,16},
  TITLE = {On the non-holonomic character of logarithms, powers, and the {$n$}th prime function},
  VOLUME = {11},
}

@BOOK{flajolet2009,
  AUTHOR = {Flajolet, Philippe and Sedgewick, Robert},
  PUBLISHER = {Cambridge University Press, Cambridge},
  DATE = {2009},
  DOI = {10.1017/CBO9780511801655},
  ISBN = {978-0-521-89806-5},
  PAGES = {xiv+810},
  TITLE = {Analytic combinatorics},
}

@ARTICLE{greibach1981,
  AUTHOR = {Greibach, S. A.},
  DATE = {1981},
  DOI = {10.1109/MAHC.1981.10006},
  ISSN = {0164-1239},
  JOURNALTITLE = {Ann. Hist. Comput.},
  NUMBER = {1},
  PAGES = {14--41},
  TITLE = {Formal languages: origins and directions},
  VOLUME = {3},
}

@ARTICLE{greibach1978,
  AUTHOR = {Greibach, S. A.},
  DATE = {1978},
  DOI = {10.1016/0304-3975(78)90020-8},
  ISSN = {0304-3975},
  JOURNALTITLE = {Theoret. Comput. Sci.},
  NUMBER = {3},
  PAGES = {311--324},
  TITLE = {Remarks on blind and partially blind one-way multicounter machines},
  VOLUME = {7},
}

@ARTICLE{grigorchuk1983,
  AUTHOR = {Grigorchuk, R. I.},
  DATE = {1983},
  ISSN = {0002-3264},
  JOURNALTITLE = {Dokl. Akad. Nauk SSSR},
  NUMBER = {1},
  PAGES = {30--33},
  TITLE = {On the {M}ilnor problem of group growth},
  VOLUME = {271},
}

@INCOLLECTION{grigorchuk2014,
  AUTHOR = {Grigorchuk, Rostislav},
  PUBLISHER = {Princeton Univ. Press, Princeton, NJ},
  BOOKTITLE = {Frontiers in complex dynamics},
  DATE = {2014},
  PAGES = {705--773},
  SERIES = {Princeton Math. Ser.},
  TITLE = {Milnor's problem on the growth of groups and its consequences},
  VOLUME = {51},
}

@ARTICLE{grigorchuk1980,
  AUTHOR = {Grigorchuk, Rostislav},
  DATE = {1980},
  ISSN = {0374-1990},
  JOURNALTITLE = {Funktsional. Anal. i Prilozhen.},
  KEYWORDS = {grigorchuk-group},
  NUMBER = {1},
  PAGES = {53--54},
  TITLE = {On {B}urnside's problem on periodic groups},
  VOLUME = {14},
}

@ARTICLE{gromov1981,
  AUTHOR = {Gromov, Mikhael},
  URL = {http://www.numdam.org/item?id=PMIHES_1981__53__53_0},
  DATE = {1981},
  ISSN = {0073-8301},
  JOURNALTITLE = {Inst. Hautes \'{E}tudes Sci. Publ. Math.},
  KEYWORDS = {gromov-theorem},
  NUMBER = {53},
  PAGES = {53--73},
  TITLE = {Groups of polynomial growth and expanding maps},
  VOLUME = {53},
}

@ARTICLE{gupta1983,
  AUTHOR = {Gupta, Narain and Sidki, Sa\"{\i{}}d},
  PUBLISHER = {Springer Nature},
  DATE = {1983-09},
  DOI = {10.1007/BF01179757},
  ISSN = {0025-5874},
  JOURNALTITLE = {Mathematische Zeitschrift},
  KEYWORDS = {gupta-sidki},
  NUMBER = {3},
  PAGES = {385--388},
  TITLE = {On the {B}urnside problem for periodic groups},
  VOLUME = {182},
}

@BOOK{harrison1978,
  AUTHOR = {Harrison, Michael A.},
  PUBLISHER = {Addison-Wesley Publishing Co., Reading, Mass.},
  DATE = {1978},
  ISBN = {0-201-02955-3},
  PAGES = {xiv+594},
  TITLE = {Introduction to formal language theory},
}

@ARTICLE{hermiller2008,
  AUTHOR = {Hermiller, Susan and Holt, Derek F. and Rees, Sarah},
  DATE = {2008},
  DOI = {10.1142/S0218196708004676},
  ISSN = {0218-1967},
  JOURNALTITLE = {Internat. J. Algebra Comput.},
  NUMBER = {5},
  PAGES = {911--923},
  TITLE = {Groups whose geodesics are locally testable},
  VOLUME = {18},
}

@ARTICLE{holt2012,
  AUTHOR = {Holt, Derek F. and Rees, Sarah},
  DATE = {2012},
  DOI = {10.1112/plms/pdr035},
  ISSN = {0024-6115},
  JOURNALTITLE = {Proc. Lond. Math. Soc. (3)},
  NUMBER = {3},
  PAGES = {486--512},
  TITLE = {Artin groups of large type are shortlex automatic with regular geodesics},
  VOLUME = {104},
}

@ARTICLE{holt2005,
  AUTHOR = {Holt, Derek F. and Rees, Sarah and R\"{o}ver, Claas E. and Thomas, Richard M.},
  DATE = {2005},
  DOI = {10.1112/S002461070500654X},
  ISSN = {0024-6107},
  JOURNALTITLE = {J. London Math. Soc. (2)},
  NUMBER = {3},
  PAGES = {643--657},
  TITLE = {Groups with context-free co-word problem},
  VOLUME = {71},
}

@ARTICLE{holt2008,
  AUTHOR = {Holt, Derek F. and Rees, Sarah and Shapiro, Michael},
  PUBLISHER = {World Scientific Pub Co Pte Lt},
  DATE = {2008-11},
  DOI = {10.1142/S0218196708004834},
  JOURNALTITLE = {International Journal of Algebra and Computation},
  NUMBER = {07},
  PAGES = {1179--1191},
  TITLE = {Groups that do and do not have growing context-sensitive word problem},
  VOLUME = {18},
}

@ARTICLE{holt2006,
  AUTHOR = {Holt, Derek F. and R\"{o}ver, Claas E.},
  DATE = {2006},
  DOI = {10.1142/S0218196706003359},
  ISSN = {0218-1967},
  JOURNALTITLE = {Internat. J. Algebra Comput.},
  KEYWORDS = {indexed-language,coword-problem},
  NUMBER = {5},
  PAGES = {985--1014},
  TITLE = {Groups with indexed co-word problem},
  VOLUME = {16},
}

@INCOLLECTION{klaedtke2003,
  AUTHOR = {Klaedtke, Felix and Rue\ss{}, Harald},
  PUBLISHER = {Springer, Berlin},
  BOOKTITLE = {Automata, languages and programming},
  DATE = {2003},
  DOI = {10.1007/3-540-45061-0_54},
  PAGES = {681--696},
  SERIES = {Lecture Notes in Comput. Sci.},
  TITLE = {Monadic second-order logics with cardinalities},
  VOLUME = {2719},
}

@REPORT{klaedtke2002,
  AUTHOR = {Klaedtke, Felix and Rue\ss{}, Harald},
  INSTITUTION = {Albert-Ludwigs-Universit\"{a}t Freiburg},
  URL = {http://tr.informatik.uni-freiburg.de/2002/Report177/index.php},
  DATE = {2002},
  NUMBER = {177},
  TITLE = {Parikh Automata and Monadic Second-Order Logics with Linear Cardinality Constraints},
  TYPE = {Technical Report},
}

@INCOLLECTION{kleene1956,
  AUTHOR = {Kleene, S. C.},
  PUBLISHER = {Princeton University Press, Princeton, N. J.},
  BOOKTITLE = {Automata studies},
  DATE = {1956},
  PAGES = {3--41},
  SERIES = {Annals of mathematics studies, no. 34},
  TITLE = {Representation of events in nerve nets and finite automata},
}

@ARTICLE{kolpakov2020,
  AUTHOR = {Kolpakov, Alexander and Talambutsa, Alexey},
  DATE = {2020},
  DOI = {10.1016/j.disc.2019.111763},
  ISSN = {0012-365X},
  JOURNALTITLE = {Discrete Math.},
  NUMBER = {3},
  PAGES = {111763,8},
  TITLE = {Spherical and geodesic growth rates of right-angled {C}oxeter and {A}rtin groups are {P}erron numbers},
  VOLUME = {343},
}

@ARTICLE{kuroda1964,
  AUTHOR = {Kuroda, S.-Y.},
  DATE = {1964},
  ISSN = {0019-9958},
  JOURNALTITLE = {Information and Control},
  PAGES = {207--223},
  TITLE = {Classes of languages and linear-bounded automata},
  VOLUME = {7},
}

@INPROCEEDINGS{leeuwen1976,
  AUTHOR = {van Leeuwen, Jan},
  PUBLISHER = {IEEE Comput. Soc., Long Beach, Calif.},
  BOOKTITLE = {17th {A}nnual {S}ymposium on {F}oundations of {C}omputer {S}cience ({H}ouston, {T}ex., 1976)},
  DATE = {1976-10},
  DOI = {10.1109/SFCS.1976.35},
  KEYWORDS = {E(D)T0L},
  PAGES = {228--235},
  TITLE = {Variations of a new machine model},
}

@ARTICLE{lehnert2007,
  AUTHOR = {Lehnert, J. and Schweitzer, P.},
  DATE = {2007},
  DOI = {10.1112/blms/bdl043},
  ISSN = {0024-6093},
  JOURNALTITLE = {Bull. Lond. Math. Soc.},
  NUMBER = {2},
  PAGES = {235--241},
  TITLE = {The co-word problem for the {H}igman-{T}hompson group is context-free},
  VOLUME = {39},
}

@ARTICLE{lehnert2008,
  AUTHOR = {Lehnert, J\"{o}rg},
  DATE = {2008},
  JOURNALTITLE = {Goethe-Universitaet Frankfurt am Main},
  TITLE = {Gruppen von quasi-Automorphismen},
}

@ARTICLE{lindenmayer1968,
  AUTHOR = {Lindenmayer, Aristid},
  PUBLISHER = {Elsevier BV},
  BOOKTITLE = {Journal of theoretical biology},
  DATE = {1968-04},
  DOI = {10.1016/0022-5193(68)90079-9},
  JOURNALTITLE = {Journal of Theoretical Biology},
  NUMBER = {3},
  PAGES = {280--99},
  TITLE = {Mathematical models for cellular interactions in development I. Filaments with one-sided inputs},
  VOLUME = {18},
}

@ARTICLE{lipshitz1989,
  AUTHOR = {Lipshitz, L.},
  DATE = {1989},
  DOI = {10.1016/0021-8693(89)90222-6},
  ISSN = {0021-8693},
  JOURNALTITLE = {J. Algebra},
  NUMBER = {2},
  PAGES = {353--373},
  TITLE = {{$D$}-finite power series},
  VOLUME = {122},
}

@ARTICLE{loeffler2002,
  AUTHOR = {Loeffler, Joseph and Meier, John and Worthington, James},
  DATE = {2002},
  DOI = {10.1142/S021819670200122X},
  ISSN = {0218-1967},
  JOURNALTITLE = {Internat. J. Algebra Comput.},
  NUMBER = {6},
  PAGES = {747--754},
  TITLE = {Graph products and {C}annon pairs},
  VOLUME = {12},
}

@ARTICLE{mairesse2006,
  AUTHOR = {Mairesse, Jean and Math\'{e}us, Fr\'{e}d\'{e}ric},
  DATE = {2006},
  DOI = {10.1142/S0218196706003360},
  ISSN = {0218-1967},
  JOURNALTITLE = {Internat. J. Algebra Comput.},
  NUMBER = {6},
  PAGES = {1087--1107},
  TITLE = {Growth series for {A}rtin groups of dihedral type},
  VOLUME = {16},
}

@ARTICLE{massazza1993,
  AUTHOR = {Massazza, P.},
  DATE = {1993},
  DOI = {10.1051/ita/1993270201491},
  ISSN = {0988-3754},
  JOURNALTITLE = {RAIRO Inform. Th\'{e}or. Appl.},
  NUMBER = {2},
  PAGES = {149--161},
  TITLE = {Holonomic functions and their relation to linearly constrained languages},
  VOLUME = {27},
}

@ARTICLE{milnor1968a,
  AUTHOR = {Milnor, John},
  PUBLISHER = {Mathematical Association of America},
  URL = {http://www.jstor.org/stable/2313822},
  DATE = {1968},
  ISSN = {00029890, 19300972},
  JOURNALTITLE = {The American Mathematical Monthly},
  NUMBER = {6},
  PAGES = {685--686},
  TITLE = {Advanced Problems: 5603},
  VOLUME = {75},
}

@ARTICLE{muller1983,
  AUTHOR = {Muller, David E. and Schupp, Paul E.},
  DATE = {1983},
  DOI = {10.1016/0022-0000(83)90003-X},
  ISSN = {0022-0000},
  JOURNALTITLE = {J. Comput. System Sci.},
  NUMBER = {3},
  PAGES = {295--310},
  TITLE = {Groups, the theory of ends, and context-free languages},
  VOLUME = {26},
}

@BOOK{nekrashevych2005,
  AUTHOR = {Nekrashevych, Volodymyr},
  PUBLISHER = {American Mathematical Society, Providence, RI},
  DATE = {2005},
  DOI = {10.1090/surv/117},
  ISBN = {0-8218-3831-8},
  PAGES = {xii+231},
  SERIES = {Mathematical Surveys and Monographs},
  TITLE = {Self-similar groups},
  VOLUME = {117},
}

@ARTICLE{neumann1995,
  AUTHOR = {Neumann, Walter D. and Shapiro, Michael},
  DATE = {1995},
  DOI = {10.1007/BF01241129},
  ISSN = {0020-9910},
  JOURNALTITLE = {Invent. Math.},
  NUMBER = {2},
  PAGES = {259--287},
  TITLE = {Automatic structures, rational growth, and geometrically finite hyperbolic groups},
  VOLUME = {120},
}

@BOOK{novikov1955,
  AUTHOR = {Novikov, P. S.},
  PUBLISHER = {Izdat. Akad. Nauk SSSR, Moscow},
  DATE = {1955},
  PAGES = {143},
  SERIES = {Trudy Mat. Inst. im. Steklov. no. 44},
  TITLE = {Ob algoritmi\v{c}esko\u{\i{}} nerazre\v{s}imosti problemy to\v{z}destva slov v teorii grupp},
}

@ARTICLE{post1943,
  AUTHOR = {Post, Emil L.},
  DATE = {1943},
  DOI = {10.2307/2371809},
  ISSN = {0002-9327},
  JOURNALTITLE = {Amer. J. Math.},
  PAGES = {197--215},
  TITLE = {Formal reductions of the general combinatorial decision problem},
  VOLUME = {65},
}

@ARTICLE{post1947,
  AUTHOR = {Post, Emil L.},
  DATE = {1947},
  DOI = {10.2307/2267170},
  ISSN = {0022-4812},
  JOURNALTITLE = {J. Symbolic Logic},
  PAGES = {1--11},
  TITLE = {Recursive unsolvability of a problem of {T}hue},
  VOLUME = {12},
}

@ARTICLE{rabin1959,
  AUTHOR = {Rabin, M. O. and Scott, D.},
  DATE = {1959},
  DOI = {10.1147/rd.32.0114},
  ISSN = {0018-8646},
  JOURNALTITLE = {IBM J. Res. Develop.},
  PAGES = {114--125},
  TITLE = {Finite automata and their decision problems},
  VOLUME = {3},
}

@BOOK{rich2007,
  AUTHOR = {Rich, Elaine A.},
  PUBLISHER = {Pearson Prentice Hall},
  DATE = {2007},
  ISBN = {9780132288064},
  SUBTITLE = {Theory and Applications},
  TITLE = {Automata, Computability and Complexity},
}

@BOOK{robinson1996,
  AUTHOR = {Robinson, Derek J. S.},
  PUBLISHER = {Springer-Verlag, New York},
  DATE = {1996},
  DOI = {10.1007/978-1-4419-8594-1},
  EDITION = {Second},
  ISBN = {0-387-94461-3},
  PAGES = {xviii+499},
  SERIES = {Graduate Texts in Mathematics},
  TITLE = {A course in the theory of groups},
  VOLUME = {80},
}

@ARTICLE{rozenberg1973,
  AUTHOR = {Rozenberg, Grzegorz},
  DATE = {1973},
  ISSN = {0091-7036},
  JOURNALTITLE = {Internat. J. Comput. Information Sci.},
  KEYWORDS = {E(D)T0L},
  PAGES = {311--336},
  TITLE = {Extension of tabled {OL}-systems and languages},
  VOLUME = {2},
}

@INCOLLECTION{sabalka2004,
  AUTHOR = {Sabalka, Lucas},
  PUBLISHER = {Amer. Math. Soc., Providence, RI},
  BOOKTITLE = {Group theory, statistics, and cryptography},
  DATE = {2004},
  DOI = {10.1090/conm/360/06575},
  PAGES = {133--150},
  SERIES = {Contemp. Math.},
  TITLE = {Geodesics in the braid group on three strands},
  VOLUME = {360},
}

@ARTICLE{shapiro1994,
  AUTHOR = {Shapiro, Michael},
  DATE = {1994},
  DOI = {10.1142/S0218196794000129},
  ISSN = {0218-1967},
  JOURNALTITLE = {Internat. J. Algebra Comput.},
  NUMBER = {4},
  PAGES = {493--497},
  TITLE = {A note on context-sensitive languages and word problems},
  VOLUME = {4},
}

@ARTICLE{shapiro1997,
  AUTHOR = {Shapiro, Michael},
  DATE = {1997},
  ISSN = {0263-6115},
  JOURNALTITLE = {J. Austral. Math. Soc. Ser. A},
  NUMBER = {2},
  PAGES = {281--288},
  TITLE = {Pascal's triangles in abelian and hyperbolic groups},
  VOLUME = {63},
}

@ARTICLE{sidki2000,
  AUTHOR = {Sidki, Said},
  DATE = {2000},
  DOI = {10.1007/BF02677504},
  ISSN = {1072-3374},
  JOURNALTITLE = {J. Math. Sci. (New York)},
  NOTE = {Algebra, 12},
  NUMBER = {1},
  PAGES = {1925--1943},
  TITLE = {Automorphisms of one-rooted trees: growth, circuit structure, and acyclicity},
  VOLUME = {100},
}

@BOOK{sipser2013,
  AUTHOR = {Sipser, Michael},
  PUBLISHER = {Cengage Learning},
  DATE = {2013},
  EDITION = {3},
  ISBN = {9781133187790},
  TITLE = {Introduction to the Theory of Computation},
}

@ARTICLE{turing1936,
  AUTHOR = {Turing, A. M.},
  DATE = {1936},
  DOI = {10.1112/plms/s2-42.1.230},
  ISSN = {0024-6115},
  JOURNALTITLE = {Proc. London Math. Soc. (2)},
  NUMBER = {3},
  PAGES = {230--265},
  TITLE = {On Computable Numbers, with an Application to the Entscheidungsproblem},
  VOLUME = {42},
}

@ARTICLE{wang2016,
  AUTHOR = {Wang, Xiaofeng and Li, Guo and Yang, Ling and Lin, Hanling},
  DATE = {2016},
  DOI = {10.1080/00927872.2015.1065867},
  ISSN = {0092-7872},
  JOURNALTITLE = {Comm. Algebra},
  NUMBER = {7},
  PAGES = {3020--3037},
  TITLE = {Groups with two generators having unsolvable word problem and presentations of {M}ihailova subgroups of braid groups},
  VOLUME = {44},
}

@BOOK{wilf1994,
  AUTHOR = {Wilf, Herbert S},
  LOCATION = {Boston, MA},
  PUBLISHER = {Academic Press Inc},
  URL = {https://www2.math.upenn.edu/~wilf/gfology2.pdf},
  DATE = {1994},
  EDITION = {2},
  TITLE = {generatingfunctionology},
}

